@inproceedings{Yates,
 author = {F. Yates},
 title = {Incomplete randomized blocks},
 booktitle = {Annals of Eugenics},
 year = {1936},
 pages = {121--140},
} 
@article{Stinson:2008:CDC:1466390.1466393,
 author = {Stinson, Douglas R.},
 title = {Combinatorial Designs: Constructions and Analysis},
 journal = {SIGACT News},
 issue_date = {December 2008},
 volume = {39},
 number = {4},
 month = nov,
 year = {2008},
 issn = {0163-5700},
 pages = {17--21},
 numpages = {5},
 url = {http://doi.acm.org/10.1145/1466390.1466393},
 doi = {10.1145/1466390.1466393},
 acmid = {1466393},
 publisher = {ACM},
 address = {New York, NY, USA},
} 
@inproceedings{Colbourn,
 author = {Colbourn, C. H. and Dinitz, J. H.},
 title = {The CRC Handbook of Combinatorial Designs},
 year = {1996},
 publisher = {CRC Press},
}
@inproceedings{Triska,
 author = {Triska, Markus},
 title = {Solution Methods for the Social Golfer Problem},
 year = {2008},
 publisher = {Vienna University of Technology},
}
